<?xml version="1.0" encoding="UTF-8"?>
<collection xmlns:xsi="http://www.w3.org/2001/XMLSchema-instance" xsi:schemaLocation="http://www.loc.gov/MARC21/slim http://www.loc.gov/standards/marcxml/schema/MARC21slim.xsd" xmlns="http://www.loc.gov/MARC21/slim">
<record>
  <leader>00638cam a22002051  4500</leader>
  <controlfield tag="001">3122400</controlfield>
  <controlfield tag="003">NNC</controlfield>
  <controlfield tag="005">20140317144107.0</controlfield>
  <controlfield tag="008">011025s1912    ua            000 0 ara d</controlfield>
  <datafield tag="035" ind1=" " ind2=" ">
    <subfield code="a">(OCoLC)ocm48210166</subfield>
  </datafield>
  <datafield tag="035" ind1=" " ind2=" ">
    <subfield code="9">ATV4689CU</subfield>
  </datafield>
  <datafield tag="035" ind1=" " ind2=" ">
    <subfield code="a">(NNC)3122400</subfield>
  </datafield>
  <datafield tag="040" ind1=" " ind2=" ">
    <subfield code="a">ZCU</subfield>
    <subfield code="c">ZCU</subfield>
  </datafield>
  <datafield tag="099" ind1=" " ind2=" ">
    <subfield code="a">893.7Ab32</subfield>
    <subfield code="a">S413</subfield>
  </datafield>
  <datafield tag="100" ind1="1" ind2=" ">
    <subfield code="a">Ibn Qutaybah, ʻAbd Allāh ibn Muslim,</subfield>
    <subfield code="d">828-889?</subfield>
  </datafield>
  <datafield tag="245" ind1="1" ind2="0">
    <subfield code="a">Kitāb al-īmāmah wa-al-siyāsah,</subfield>
    <subfield code="c">taʾlīf Abī Muḥammad ʻAbd-Allāh ibn Muslim ibn Qutaybah.</subfield>
  </datafield>
  <datafield tag="260" ind1=" " ind2=" ">
    <subfield code="a">Miṣr,</subfield>
    <subfield code="b">Muḥammad Muṣṭafā Fahmī</subfield>
    <subfield code="c">[1331 h., 1912 m.]</subfield>
  </datafield>
  <datafield tag="300" ind1=" " ind2=" ">
    <subfield code="a">2 v. in 1.</subfield>
  </datafield>
  <datafield tag="650" ind1=" " ind2="0">
    <subfield code="a">Caliphs.</subfield>
  </datafield>
  <datafield tag="955" ind1=" " ind2=" ">
    <subfield code="b">CU58927670</subfield>
    <subfield code="d">off,glx</subfield>
    <subfield code="e">893.7Ab32 S413</subfield>
  </datafield>
</record>
</collection>